@book{norvig,
  title     = {Artificial Intelligence: A modern approach},
  author    = {Stuart Russell and Peter Norvig},
  isbn      = {1-292-40113-3},
  year      = {2022},
  publisher = {Pearson Education Limited},
}

@online{edi,
  author   = {The University of Edinburgh},
  year     = 2024,
  title    = {Sudoku modelling and solution},
  url      = {https://www.maths.ed.ac.uk/hall/Sudoku.pdf},
  urldate  = {2025-01-25}, 
}

@book{sudoku,
  title={Sudoku Explained},
  author={Zambon, G.},
  isbn={9781447736936},
  year={2011},
  publisher={Lulu Com}
}
